@misc{BrandonD.G2008Mcom,
series = {Quantitative software engineering series},
issn = {9780470027844},
publisher = {John Wiley},
isbn = {9780470727126},
year = {2008},
title = {Microstructural characterization of materials},
edition = {2nd ed.},
language = {eng},
address = {Chichester, England},
author = {Brandon, D. G},
keywords = {Materials -- Microscopy.; Microstructure; Electronic books},
}

